<?xml version="1.0" encoding="UTF-8"?><collection xmlns="http://www.loc.gov/MARC21/slim"><record><leader>00440nam--2200169-i-4500</leader><controlfield tag="001">000039154</controlfield><controlfield tag="002">20161230</controlfield><controlfield tag="005">20161230201042</controlfield><controlfield tag="008">060222s1000------------r-----000-0-eng-d</controlfield><datafield ind1=" " ind2=" " tag="040"><subfield code="a">IFIN-HH</subfield></datafield><datafield ind1="1" ind2=" " tag="100"><subfield code="a">Riordan, John</subfield></datafield><datafield ind1="1" ind2="0" tag="245"><subfield code="a">Stochastic service systems</subfield><subfield code="c">John Riordan</subfield></datafield><datafield ind1=" " ind2=" " tag="260"><subfield code="a">New York, John Wiley And Sons,Inc.,1962</subfield></datafield><datafield ind1=" " ind2=" " tag="300"><subfield code="a">X + 139 P</subfield></datafield><datafield ind1=" " ind2=" " tag="650"><subfield code="a">Queuing theory</subfield></datafield><datafield ind1=" " ind2=" " tag="852"><subfield code="a">17825</subfield><subfield code="c">519.2</subfield></datafield><datafield ind1=" " ind2=" " tag="CAT"><subfield code="a">Sys</subfield><subfield code="c">20100518</subfield><subfield code="h">140022</subfield></datafield></record></collection>